<record><leader>01811nam a2200481oa 4500</leader><controlfield tag="001">6774207</controlfield><controlfield tag="003">CaONFJC</controlfield><controlfield tag="005">20141104091510.0</controlfield><controlfield tag="006">m        d        </controlfield><controlfield tag="007">cr||n|||||||||</controlfield><controlfield tag="008">140620s2015    pau     ob    001 0 eng d</controlfield><datafield ind1=" " ind2=" " tag="020"><subfield code="a">9780812246698</subfield></datafield><datafield ind1=" " ind2=" " tag="020"><subfield code="a">0812246691</subfield></datafield><datafield ind1=" " ind2=" " tag="020"><subfield code="a">9781322513775 (MyiLibrary)</subfield></datafield><datafield ind1=" " ind2=" " tag="037"><subfield code="a">682659</subfield><subfield code="b">MIL</subfield></datafield><datafield ind1=" " ind2=" " tag="039"><subfield code="a">exclude</subfield></datafield><datafield ind1=" " ind2=" " tag="040"><subfield code="a">CaONFJC</subfield><subfield code="c">CaONFJC</subfield><subfield code="d">AEU</subfield></datafield><datafield ind1="0" ind2="4" tag="050"><subfield code="a">PR275.D43</subfield><subfield code="b">A67 2015eb</subfield></datafield><datafield ind1="0" ind2="4" tag="082"><subfield code="a">820.9/3548</subfield><subfield code="2">23</subfield></datafield><datafield ind1=" " ind2=" " tag="090"><subfield code="a">Internet Access</subfield><subfield code="b">AEGMCT</subfield></datafield><datafield ind1=" " ind2=" " tag="091"><subfield code="a">DO NOT ADD TO THIS RECORD - PSA PROJECT</subfield></datafield><datafield ind1="1" ind2=" " tag="100"><subfield code="a">Appleford, Amy,</subfield><subfield code="d">1970-</subfield></datafield><datafield ind1="1" ind2="0" tag="245"><subfield code="a">Learning to die in London, 1380-1540</subfield><subfield code="h">[electronic resource] /</subfield><subfield code="c">Amy Appleford.</subfield></datafield><datafield ind1=" " ind2=" " tag="250"><subfield code="a">1st ed.</subfield></datafield><datafield ind1=" " ind2=" " tag="260"><subfield code="a">Philadelphia :</subfield><subfield code="b">University of Pennsylvania Press,</subfield><subfield code="c">c2015.</subfield></datafield><datafield ind1=" " ind2=" " tag="300"><subfield code="a">1 online resource.</subfield></datafield><datafield ind1=" " ind2=" " tag="336"><subfield code="a">text</subfield><subfield code="b">txt</subfield><subfield code="2">rdacontent</subfield></datafield><datafield ind1=" " ind2=" " tag="337"><subfield code="a">computer</subfield><subfield code="b">c</subfield><subfield code="2">rdamedia</subfield></datafield><datafield ind1=" " ind2=" " tag="338"><subfield code="a">online resource</subfield><subfield code="b">cr</subfield><subfield code="2">rdacarrier</subfield></datafield><datafield ind1="1" ind2=" " tag="490"><subfield code="a">The Middle Ages series</subfield></datafield><datafield ind1=" " ind2=" " tag="504"><subfield code="a">Includes bibliographical references and index.</subfield></datafield><datafield ind1=" " ind2=" " tag="506"><subfield code="a">Access restricted to authorized users and institutions.</subfield></datafield><datafield ind1=" " ind2=" " tag="588"><subfield code="a">Description based on print version record.</subfield></datafield><datafield ind1=" " ind2=" " tag="596"><subfield code="a">57</subfield></datafield><datafield ind1=" " ind2="0" tag="650"><subfield code="a">English literature</subfield><subfield code="y">Middle English, 1100-1500</subfield><subfield code="x">History and criticism.</subfield></datafield><datafield ind1=" " ind2="0" tag="650"><subfield code="a">Death in literature.</subfield></datafield><datafield ind1=" " ind2="0" tag="650"><subfield code="a">Death</subfield><subfield code="z">England</subfield><subfield code="z">London.</subfield></datafield><datafield ind1=" " ind2="0" tag="650"><subfield code="a">Death</subfield><subfield code="z">England</subfield><subfield code="z">London</subfield><subfield code="x">Psychological aspects.</subfield></datafield><datafield ind1=" " ind2="0" tag="650"><subfield code="a">Death</subfield><subfield code="x">Political aspects</subfield><subfield code="z">England</subfield><subfield code="z">London.</subfield></datafield><datafield ind1=" " ind2="0" tag="830"><subfield code="a">Middle Ages series.</subfield></datafield><datafield ind1="4" ind2="0" tag="856"><subfield code="3">MacEwan University Access</subfield><subfield code="u">http://lib.myilibrary.com/detail.asp?ID=682659</subfield><subfield code="z">(Single User Access)</subfield></datafield><datafield ind1=" " ind2=" " tag="949"><subfield code="w">ORDER</subfield><subfield code="h">UAIN</subfield><subfield code="m">GR_MAC_INT</subfield><subfield code="z">MILGMPSA</subfield></datafield><datafield ind1=" " ind2=" " tag="926"><subfield code="a">Internet Access</subfield><subfield code="w">ORDER</subfield><subfield code="c">1</subfield><subfield code="i">6774207-1001</subfield><subfield code="l">INTERNET</subfield><subfield code="m">GR_MAC_INT</subfield><subfield code="r">Y</subfield><subfield code="s">Y</subfield><subfield code="t">E-RESOURCE</subfield><subfield code="u">1/12/2015</subfield><subfield code="x">E-BOOK</subfield><subfield code="z">MILGMPSA</subfield></datafield></record>